% This file was created with JabRef 2.9.2.
% Encoding: Cp1252

@article{nosek2012scientific1,
  title={Scientific utopia: I. Opening scientific communication},
  author={Nosek, Brian A and Bar-Anan, Yoav},
  journal={Psychological Inquiry},
  volume={23},
  number={3},
  pages={217--243},
  year={2012},
  publisher={Taylor \& Francis}
}


@article{nosek2012scientific2,
  title={Scientific utopia: II. Restructuring incentives and practices to promote truth over publishability},
  author={Nosek, Brian A and Spies, Jeffrey R and Motyl, Matt},
  journal={Perspectives on Psychological Science},
  volume={7},
  number={6},
  pages={615--631},
  year={2012},
  publisher={Sage Publications Sage CA: Los Angeles, CA}
}


@article{roberts2000rank,
  title={The rank-order consistency of personality traits from childhood to old age: a quantitative review of longitudinal studies.},
  author={Roberts, Brent W and DelVecchio, Wendy F},
  journal={Psychological bulletin},
  volume={126},
  number={1},
  pages={3},
  year={2000},
  publisher={American Psychological Association}
}
%http://www.rc.usf.edu/~jdorio/Personality/The%20Rank-Order%20Consistency%20of%20Personality%20Traits%20From%20Childhood%20to%20Old%20Age%20A%20Quantitative%20Review%20of%20Longitudinal%20Studies.pdf

@MANUAL{APA2001,
  title = {Publication manual of the American psychological association},
  author = {{American Psychological Association}},
  organization = {American Psychological Association},
  address = {Washington, DC},
  edition = {5th},
  year = {2001},
  date-added = {2016-07-27 09:21:57 +0000},
  date-modified = {2016-07-27 09:24:04 +0000}
}

@ARTICLE{InWordDB,
  author = {Bergmann, Christina and Cristia, Alejandrina},
  title = {Development of infants' segmentation of words from native speech:
	{A} meta-analytic approach},
  journal = {Developmental Science},
  year = {2016},
  volume = {19},
  pages = {901--917},
  number = {6},
  publisher = {Wiley Online Library}
}

@ARTICLE{button2013power,
  author = {Button, Katherine S and Ioannidis, John PA and Mokrysz, Claire and
	Nosek, Brian A and Flint, Jonathan and Robinson, Emma SJ and Munaf{\`o},
	Marcus R},
  title = {Power failure: {W}hy small sample size undermines the reliability
	of neuroscience},
  journal = {Nature Reviews Neuroscience},
  year = {2013},
  volume = {14},
  pages = {365--376},
  number = {5},
  publisher = {Nature Publishing Group}
}

@MANUAL{pwr,
  title = {{pwr: Basic Functions for Power Analysis}},
  author = {Stephane Champely},
  year = {2015},
  note = {R package version 1.1-3},
  url = {https://CRAN.R-project.org/package=pwr}
}

@ARTICLE{PointingMA,
  author = {Colonnesi, Cristina and Stams, Geert Jan JM and Koster, Irene and
	Noom, Marc J},
  title = {The relation between pointing and language development: {A} meta-analysis},
  journal = {Developmental Review},
  year = {2010},
  volume = {30},
  pages = {352--366},
  number = {4},
  publisher = {Elsevier}
}

@ARTICLE{TestRetest,
  author = {Cristia, Alejandrina and Seidl, Amanda and Singh, Leher and Houston,
	Derek},
  title = {Test--Retest Reliability in Infant Speech Perception Tasks},
  journal = {Infancy},
  year = {2016},
  volume = {21},
  pages = {648--667},
  publisher = {Wiley Online Library}
}

@ARTICLE{Csibra,
  author = {Csibra, Gergely and Hernik, Miko{\l}aj and Mascaro, Olivier and Tatone,
	Denis and Lengyel, M{\'a}t{\'e}},
  title = {Statistical treatment of looking-time data.},
  journal = {Developmental psychology},
  year = {2016},
  volume = {52},
  pages = {521--536},
  number = {4},
  publisher = {American Psychological Association}
}

@MISC{clinical,
  author = {De Angelis, Catherine and Drazen, Jeffrey M and Frizelle, Frank A
	and Haug, Charlotte and Hoey, John and Horton, Richard and Kotzin,
	Sheldon and Laine, Christine and Marusic, Ana and Overbeke, A John
	PM and others},
  title = {Clinical trial registration: {A} statement from the International
	Committee of Medical Journal Editors},
  year = {2004},
  publisher = {Mass Medical Soc}
}

@ARTICLE{Dumas-Mallet2016,
  author = {Dumas-Mallet, Estelle and Button, Katherine and Boraud, Thomas and
	Munafo, Marcus and Gonon, Fran{\c{c}}ois},
  title = {{Replication validity of initial association studies: A comparison
	between psychiatry, neurology and four somatic diseases}},
  journal = {Plos One},
  year = {2016},
  volume = {11},
  pages = {e0158064},
  number = {6},
  bdsk-url-1 = {http://dx.plos.org/10.1371/journal.pone.0158064},
  bdsk-url-2 = {http://dx.doi.org/10.1371/journal.pone.0158064},
  doi = {10.1371/journal.pone.0158064},
  issn = {1932-6203},
  url = {http://dx.plos.org/10.1371/journal.pone.0158064}
}

@ARTICLE{IDS_MA,
  author = {Dunst, Carl and Gorman, Ellen and Hamby, Deborah},
  title = {Preference for infant-directed speech in preverbal young children},
  journal = {Center for Early Literacy Learning},
  year = {2012},
  volume = {5},
  pages = {1--13},
  number = {1}
}

@ARTICLE{Ellis2015,
  author = {D. A. Ellis and H. L. Merdian},
  title = {Thinking outside the box: developing dynamic data visualizations
	for psychology with Shiny},
  journal = {Frontiers in psychology},
  year = {2015},
  volume = {6},
  pages = {1-6},
  date-added = {2016-07-27 09:36:56 +0000},
  date-modified = {2016-07-27 09:38:38 +0000}
}

@ARTICLE{RegressionMean,
  author = {Fiedler, Klaus and Kutzner, Florian and Krueger, Joachim I},
  title = {The long way from $\alpha$-error control to validity proper problems
	with a short-sighted false-positive debate},
  journal = {Perspectives on Psychological Science},
  year = {2012},
  volume = {7},
  pages = {661--669},
  number = {6},
  publisher = {Sage Publications}
}

@MISC{Manybabies,
  author = {M. C. Frank and E. Bergelson and C. Bergmann and A. Cristia and C.
	Floccia and J. Gervain and J.K. Hamlin and E.E. Hannon and M. Kline
	amd C. Levelt and C. Lew-Williams and T. Nazzi and R. Panneton and
	H. Rabagliati and M. Soderstrom and J. Sullivan and S. Waxman and
	D. Yurovsky},
  title = {{A collaborative approach to infant research: Promoting reproducibility,
	best practices, and theory-building}},
  year = {2016},
  note = {Retrieved from osf.io/27b43},
  date = {2016, September 13},
  journal = {Infancy},
  url = {https://osf.io/27b43/}
}

@ARTICLE{tablet,
  author = {Frank, Michael C and Sugarman, Elise and Horowitz, Alexandra C and
	Lewis, Molly L and Yurovsky, Daniel},
  title = {Using tablets to collect data from young children},
  journal = {Journal of Cognition and Development},
  year = {2016},
  volume = {17},
  pages = {1--17},
  number = {1},
  publisher = {Taylor \& Francis}
}

@ARTICLE{Ioannidis2005,
  author = {Ioannidis, John PA},
  title = {Why most published research findings are false},
  journal = {PLoS Med},
  year = {2005},
  volume = {2},
  pages = {e124},
  number = {8},
  publisher = {Public Library of Science}
}

@ARTICLE{jennions2002relationships,
  author = {Jennions, Michael D and M{\o}ller, Anders P},
  title = {Relationships fade with time: {A} meta-analysis of temporal trends
	in publication in ecology and evolution},
  journal = {Proceedings of the Royal Society of London B: Biological Sciences},
  year = {2002},
  volume = {269},
  pages = {43--48},
  number = {1486},
  publisher = {The Royal Society}
}

@ARTICLE{John2012,
  author = {Leslie K. John and George Loewenstein and Drazen Prelec},
  title = {Measuring the prevalence of questionable research practices with
	incentives for truth telling},
  journal = {Psychological Science},
  year = {2012},
  volume = {23},
  pages = {524-532},
  number = {5},
  date-added = {2016-07-27 09:17:51 +0000},
  date-modified = {2016-07-27 09:19:27 +0000}
}

@ARTICLE{ManyLabs1,
  author = {Klein, RA and Ratliff, K and Vianello, M and Adams Jr, RB and Bahnik,
	S and Bernstein, MJ and Brandt, MJ and Ijzerman, H and others},
  title = {Investigating variation in replicability: {A} ``Many Labs'' replication
	project},
  journal = {Social Psychology},
  year = {2014},
  volume = {45},
  pages = {142--152},
  number = {3}
}

@ARTICLE{konstantopoulos2011,
  author = {Konstantopoulos, Spyros},
  title = {Fixed effects and variance components estimation in three-level meta-analysis},
  journal = {Research Synthesis Methods},
  year = {2011},
  volume = {2},
  pages = {61--76},
  number = {1},
  publisher = {Wiley Online Library}
}

@ARTICLE{SynthesisPaper,
  author = {Lewis, M. and Braginsky, M. and Tsuji, S. and Bergmann, C. and Piccinini, P.
	and Cristia, A. and Frank, M. C.},
  title = {{A Quantitative Synthesis of Early Language Acquisition Using Meta-Analysis}},
  journal = {Preprint},
  year = {2016},
  url = {https://osf.io/htsjm/}
}

@ARTICLE{Loftus1996,
  author = {G. R. Loftus},
  title = {Psychology will be a much better science when we change the way we
	analyze data},
  journal = {Current directions in psychological science},
  year = {1996},
  volume = {5},
  pages = {161-171},
  number = {6},
  date-added = {2016-07-27 09:38:39 +0000},
  date-modified = {2016-07-27 09:39:08 +0000}
}

@ARTICLE{Marszalek2011,
  author = {J. M. Marszalek and C. Barber and J. Kohlhart and C. B. Holmes},
  title = {Sample size in psychological research over the past 30 years 1, 2},
  journal = {Perceptual and motor skills},
  year = {2011},
  volume = {112},
  pages = {331-348},
  number = {2},
  date-added = {2016-07-27 09:27:34 +0000},
  date-modified = {2016-07-27 09:28:48 +0000}
}

@ARTICLE{Mills-Smith2015,
  author = {L. Mills-Smith and D. P. Spangler and R. Panneton and M. S. Fritz},
  title = {A missed opportunity for clarity: Problems in the reporting of effect
	size estimates in infant developmental science},
  journal = {Infancy},
  year = {2015},
  volume = {20},
  pages = {416-432},
  number = {4},
  date-added = {2016-07-27 09:25:12 +0000},
  date-modified = {2016-07-27 09:26:21 +0000}
}

@ARTICLE{Peterson2016,
  author = {D. Peterson},
  title = {The Baby Factory: Difficult Research Objects, Disciplinary Standards,
	and the Production of Statistical Significance},
  journal = {Socius: Sociological Research for a Dynamic World},
  year = {2016},
  volume = {2},
  pages = {1-10},
  date-added = {2016-07-27 09:29:40 +0000},
  date-modified = {2016-07-27 09:31:57 +0000}
}

@MANUAL{R,
  title = {R: A Language and Environment for Statistical Computing},
  author = {{R Core Team}},
  organization = {R Foundation for Statistical Computing},
  address = {Vienna, Austria},
  year = {2016},
  url = {https://www.R-project.org/}
}

@ARTICLE{Simmons2011,
  author = {Joseph P. Simmons and Leif D. Nelson and Uri Simonsohn},
  title = {False-positive psychology: Undisclosed flexibility in data collection
	and analysis allows presenting anything as significant},
  journal = {Psychological Science},
  year = {2011},
  volume = {22},
  pages = {1359-1366},
  number = {11},
  date-added = {2016-07-27 09:13:58 +0000},
  date-modified = {2016-07-27 09:17:36 +0000}
}

@ARTICLE{Sterling1995,
  author = {T. D. Sterling and W. L. Rosenbaum and J. J. Weinkam},
  title = {Publication decisions revisited: The effect of the outcome of statistical
	tests on the decision to publish and vice versa},
  journal = {The American Statistician},
  year = {1995},
  volume = {49},
  pages = {108-112},
  number = {1},
  date-added = {2016-07-27 09:40:42 +0000},
  date-modified = {2016-07-27 09:41:25 +0000}
}

@ARTICLE{Tsuji2014,
  author = {Sho Tsuji and Christina Bergmann and Alejandrina Cristia},
  title = {Community-Augmented Meta-Analyses: Toward Cumulative Data Assessment},
  journal = {Psychological Science},
  year = {2014},
  volume = {9},
  pages = {661-665},
  number = {6},
  date-added = {2016-07-27 09:32:47 +0000},
  date-modified = {2016-07-27 09:34:43 +0000}
}

@ARTICLE{InPhonDB,
  author = {Tsuji, Sho and Cristia, Alejandrina},
  title = {Perceptual attunement in vowels: A meta-analysis},
  journal = {Developmental psychobiology},
  year = {2014},
  volume = {56},
  pages = {179--191},
  number = {2},
  publisher = {Wiley Online Library}
}

@ARTICLE{Vanpaemel2015,
  author = {W. Vanpaemel and M. Vermorgen and L. Deriemaecker and G. Storms},
  title = {Are we wasting a good crisis? The availability of psychological research
	data after the storm},
  journal = {Collabra},
  year = {2015},
  volume = {1},
  number = {1},
  date-added = {2016-07-27 09:39:14 +0000},
  date-modified = {2016-07-27 09:40:11 +0000}
}

@ARTICLE{metafor,
  author = {Wolfgang Viechtbauer},
  title = {Conducting meta-analyses in {R} with the {metafor} package},
  journal = {Journal of Statistical Software},
  year = {2010},
  volume = {36},
  pages = {1--48},
  number = {3},
  url = {http://www.jstatsoft.org/v36/i03/}
}

@ARTICLE{pubbias,
  title={Operating characteristics of a rank correlation test for publication bias},
  author={Begg, Colin B and Mazumdar, Madhuchhanda},
  journal={Biometrics},
  pages={1088--1101},
  year={1994},
  publisher={JSTOR}
}

@ARTICLE{pcurve,
  title={P-curve: {A} key to the file-drawer.},
  author={Simonsohn, Uri and Nelson, Leif D and Simmons, Joseph P},
  journal={Journal of Experimental Psychology: General},
  volume={143},
  number={2},
  pages={534--547},
  year={2014},
  publisher={American Psychological Association}
}

@ARTICLE{statcheck,
  title={The prevalence of statistical reporting errors in psychology (1985--2013)},
  author={Nuijten, Mich{\`e}le B and Hartgerink, Chris HJ and van Assen, Marcel ALM and Epskamp, Sacha and Wicherts, Jelte M},
  journal={Behavior research methods},
  volume={48},
  number={4},
  pages={1205--1226},
  year={2016},
  publisher={Springer}
}