@Manual{R-base,
  title = {R: A Language and Environment for Statistical Computing},
  author = {{R Core Team}},
  organization = {R Foundation for Statistical Computing},
  address = {Vienna, Austria},
  year = {2015},
  url = {http://www.R-project.org/},
}
@Manual{R-papaja,
  author = {Frederik Aust and Marius Barth},
  title = {papaja: Create APA manuscripts with RMarkdown},
  year = {2015},
  note = {R package version 0.1.0.9054, retrieved from https://github.com/crsh/papaja},
}
