@article{nosek2012scientific1,
  title={{Scientific utopia I. Opening scientific communication}},
  author={Nosek, Brian A and Bar-Anan, Yoav},
  journal={Psychological Inquiry},
  volume={23},
  number={3},
  pages={217--243},
  year={2012},
  publisher={Taylor \& Francis}, 
  DOI = {10.1080/1047840X.2012.692215}
}


@article{nosek2012scientific2,
  title={Scientific utopia II. Restructuring incentives and practices to promote truth over publishability},
  author={Nosek, Brian A and Spies, Jeffrey R and Motyl, Matt},
  journal={Perspectives on Psychological Science},
  volume={7},
  number={6},
  pages={615--631},
  year={2012},
  publisher={Sage Publications Sage CA, Los Angeles, CA}, 
  DOI = {10.1177/1745691612459058}
}


@article{roberts2000rank,
  title={The rank-order consistency of personality traits from childhood to old age: {A} quantitative review of longitudinal studies},
  author={Roberts, Brent W and DelVecchio, Wendy F},
  journal={Psychological Bulletin},
  volume={126},
  number={1},
  pages={3--25},
  year={2000},
  publisher={American Psychological Association}, 
  DOI= {10.1037/0033-2909.126.1.3}
}

@MANUAL{APA2001,
  title = {Publication manual of the American psychological association},
  author = {{American Psychological Association}},
  organization = {American Psychological Association},
  address = {Washington, DC},
  edition = {5th},
  year = {2001}
}

@article{InWordDB,
  author = {Bergmann, Christina and Cristia, Alejandrina},
  title = {Development of infants' segmentation of words from native speech:
	{A} meta-analytic approach},
  journal = {Developmental Science},
  year = {2016},
  volume = {19},
  pages = {901--917},
  number = {6},
  publisher = {Wiley Online Library}, 
  DOI = {10.1111/desc.12341}
}

@article{button2013power,
  author = {Button, Katherine S and Ioannidis, John PA and Mokrysz, Claire and
	Nosek, Brian A and Flint, Jonathan and Robinson, Emma SJ and Munaf{\`o},
	Marcus R},
  title = {Power failure: {W}hy small sample size undermines the reliability
	of neuroscience},
  journal = {Nature Reviews Neuroscience},
  year = {2013},
  volume = {14},
  pages = {365--376},
  number = {5},
  publisher = {Nature Publishing Group}, 
  DOI = {10.1038/nrn3475}
}

@MANUAL{pwr,
  title = {{pwr: Basic Functions for Power Analysis}},
  author = {Stephane Champely},
  year = {2015},
  note = {R package version 1.1-3},
  url = {https://CRAN.R-project.org/package=pwr}
}

@article{PointingMA,
  author = {Colonnesi, Cristina and Stams, Geert Jan JM and Koster, Irene and
	Noom, Marc J},
  title = {The relation between pointing and language development: {A} meta-analysis},
  journal = {Developmental Review},
  year = {2010},
  volume = {30},
  pages = {352--366},
  number = {4},
  publisher = {Elsevier}, 
  DOI = {10.1016/j.dr.2010.10.001}
}

@article{TestRetest,
  author = {Cristia, Alejandrina and Seidl, Amanda and Singh, Leher and Houston,
	Derek},
  title = {Test--Retest Reliability in Infant Speech Perception Tasks},
  journal = {Infancy},
  year = {2016},
  volume = {21},
  pages = {648--667},
  publisher = {Wiley Online Library}, 
  DOI = {10.1111/infa.12127}
}

@article{Csibra,
  author = {Csibra, Gergely and Hernik, Miko{\l}aj and Mascaro, Olivier and Tatone,
	Denis and Lengyel, M{\'a}t{\'e}},
  title = {Statistical treatment of looking-time data},
  journal = {Developmental Psychology},
  year = {2016},
  volume = {52},
  pages = {521--536},
  number = {4},
  publisher = {American Psychological Association}, 
  DOI = {10.1037/dev0000083}
}

@MISC{clinical,
  author = {De Angelis, Catherine and Drazen, Jeffrey M and Frizelle, Frank A
	and Haug, Charlotte and Hoey, John and Horton, Richard and Kotzin,
	Sheldon and Laine, Christine and Marusic, Ana and Overbeke, A John
	PM and others},
  title = {Clinical trial registration: {A} statement from the International
	Committee of Medical Journal Editors},
  year = {2004},
  publisher = {Mass Medical Soc}
}

@article{Dumas-Mallet2016,
  author = {Dumas-Mallet, Estelle and Button, Katherine and Boraud, Thomas and
	Munafo, Marcus and Gonon, Fran{\c{c}}ois},
  title = {{Replication validity of initial association studies: A comparison
	between psychiatry, neurology and four somatic diseases}},
  journal = {Plos One},
  year = {2016},
  volume = {11},
  pages = {e0158064},
  number = {6},
  doi = {10.1371/journal.pone.0158064},
  issn = {1932-6203},
  url = {http://dx.plos.org/10.1371/journal.pone.0158064}
}

@article{IDS_MA,
  author = {Dunst, Carl and Gorman, Ellen and Hamby, Deborah},
  title = {Preference for infant-directed speech in preverbal young children},
  journal = {Center for Early Literacy Learning},
  year = {2012},
  volume = {5},
  pages = {1--13},
  number = {1}
}

@article{Ellis2015,
  author = {D. A. Ellis and H. L. Merdian},
  title = {Thinking outside the box: {D}eveloping dynamic data visualizations
	for psychology with Shiny},
  journal = {Frontiers in Psychology},
  year = {2015},
  volume = {6},
  pages = {1--6}, 
  DOI = {10.3389/fpsyg.2015.01782}
}

@article{RegressionMean,
  author = {Fiedler, Klaus and Kutzner, Florian and Krueger, Joachim I},
  title = {The long way from $\alpha$-error control to validity proper: {P}roblems
	with a short-sighted false-positive debate},
  journal = {Perspectives on Psychological Science},
  year = {2012},
  volume = {7},
  pages = {661--669},
  number = {6},
  publisher = {Sage Publications}, 
  DOI = {10.1177/1745691612462587}
}

@MISC{Manybabies,
  author = {Michael C Frank and E. Bergelson and Christina Bergmann and Alejandrina Cristia and C.
	Floccia and J. Gervain and J.K. Hamlin and E.E. Hannon and M. Kline
	amd C. Levelt and C. Lew-Williams and T. Nazzi and R. Panneton and
	H. Rabagliati and M. Soderstrom and J. Sullivan and S. Waxman and
	D. Yurovsky},
  title = {{A collaborative approach to infant research: Promoting reproducibility,
	best practices, and theory-building}},
  year = {2017},
  journal = {Infancy},
  volume = 22,
  number = 4,
  pages = {421--435}, 
  DOI = {10.1111/infa.12182}
}

@article{tablet,
  author = {Frank, Michael C and Sugarman, Elise and Horowitz, Alexandra C and
	Lewis, Molly L and Yurovsky, Daniel},
  title = {Using tablets to collect data from young children},
  journal = {Journal of Cognition and Development},
  year = {2016},
  volume = {17},
  pages = {1--17},
  number = {1},
  publisher = {Taylor \& Francis}, 
  DOI = {10.1080/15248372.2015.1061528}
}

@article{Ioannidis2005,
  author = {Ioannidis, John PA},
  title = {Why most published research findings are false},
  journal = {PLoS Medicine},
  year = {2005},
  volume = {2},
  pages = {e124},
  number = {8},
  publisher = {Public Library of Science},
  DOI = {10.1371/journal.pmed.0020124}
}

@article{jennions2002relationships,
  author = {Jennions, Michael D and M{\o}ller, Anders P},
  title = {Relationships fade with time: {A} meta-analysis of temporal trends
	in publication in ecology and evolution},
  journal = {Proceedings of the Royal Society of London B: Biological Sciences},
  year = {2002},
  volume = {269},
  pages = {43--48},
  number = {1486},
  publisher = {The Royal Society}, 
  DOI = {10.1098/rspb.2001.1832}
}

@article{John2012,
  author = {Leslie K. John and George Loewenstein and Drazen Prelec},
  title = {Measuring the prevalence of questionable research practices with
	incentives for truth telling},
  journal = {Psychological Science},
  year = {2012},
  volume = {23},
  pages = {524--532},
  number = {5}, 
  DOI = {10.1177/0956797611430953}
}

@article{ManyLabs1,
  author = {Klein, RA and Ratliff, K and Vianello, M and Adams Jr, RB and Bahnik,
	S and Bernstein, MJ and Brandt, MJ and Ijzerman, H and others},
  title = {Investigating variation in replicability: {A} ``Many Labs'' replication
	project},
  journal = {Social Psychology},
  year = {2014},
  volume = {45},
  pages = {142--152},
  number = {3}, 
  DOI = {10.1027/1864-9335/a000178}
}

@article{konstantopoulos2011,
  author = {Konstantopoulos, Spyros},
  title = {Fixed effects and variance components estimation in three-level meta-analysis},
  journal = {Research Synthesis Methods},
  year = {2011},
  volume = {2},
  pages = {61--76},
  number = {1},
  publisher = {Wiley Online Library}, 
  DOI = {10.1002/jrsm.35}
}

@misc{SynthesisPaper,
  author = {Lewis, Molly L and Braginsky, M. and Tsuji, Sho and Bergmann, Christina and Piccinini, P. E.
	and Cristia, A. and Frank, Michael C},
  title = {{A Quantitative Synthesis of Early Language Acquisition Using Meta-Analysis}},
  journal = {Preprint},
  year = {2017},
  DOI = {10.17605/OSF.IO/HTSJM}, 
  note = {Retrieved from psyarxiv.com/htsjm}
  
}

@article{Loftus1996,
  author = {G. R. Loftus},
  title = {Psychology will be a much better science when we change the way we
	analyze data},
  journal = {Current Directions in Psychological Science},
  year = {1996},
  volume = {5},
  pages = {161--171},
  number = {6}, 
  DOI = {10.1111/1467-8721.ep11512376}
}

@article{Marszalek2011,
  author = {J. M. Marszalek and C. Barber and J. Kohlhart and C. B. Holmes},
  title = {Sample size in psychological research over the past 30 years},
  journal = {Perceptual and Motor Skills},
  year = {2011},
  volume = {112},
  pages = {331--348},
  number = {2},
  DOI = {10.2466/03.11.PMS.112.2.331-348}
}

@article{Mills-Smith2015,
  author = {L. Mills-Smith and D. P. Spangler and R. Panneton and M. S. Fritz},
  title = {A missed opportunity for clarity: {P}roblems in the reporting of effect
	size estimates in infant developmental science},
  journal = {Infancy},
  year = {2015},
  volume = {20},
  pages = {416--432},
  number = {4}, 
  DOI = {10.1111/infa.12078}
}

@MANUAL{R,
  title = {R: {A} Language and Environment for Statistical Computing},
  author = {{R Core Team}},
  organization = {R Foundation for Statistical Computing},
  address = {Vienna, Austria},
  year = {2016},
  url = {https://www.R-project.org/}
}

@article{Simmons2011,
  author = {Joseph P. Simmons and Leif D. Nelson and Uri Simonsohn},
  title = {False-positive psychology: {U}ndisclosed flexibility in data collection
	and analysis allows presenting anything as significant},
  journal = {Psychological Science},
  year = {2011},
  volume = {22},
  pages = {1359--1366},
  number = {11}, 
  DOI = {10.1177/0956797611417632}
}

@article{Sterling1995,
  author = {T. D. Sterling and W. L. Rosenbaum and J. J. Weinkam},
  title = {Publication decisions revisited: {T}he effect of the outcome of statistical
	tests on the decision to publish and vice versa},
  journal = {The American Statistician},
  year = {1995},
  volume = {49},
  pages = {108--112},
  number = {1},
  doi = {10.1080/00031305.1995.10476125}
}

@article{Tsuji2014,
  author = {Sho Tsuji and Christina Bergmann and Alejandrina Cristia},
  title = {Community-Augmented Meta-Analyses: {T}oward Cumulative Data Assessment},
  journal = {Psychological Science},
  year = {2014},
  volume = {9},
  pages = {661--665},
  number = {6},
  DOI = {10.1177/1745691614552498}
}

@article{InPhonDB,
  author = {Tsuji, Sho and Cristia, Alejandrina},
  title = {Perceptual attunement in vowels: {A} meta-analysis},
  journal = {Developmental Psychobiology},
  year = {2014},
  volume = {56},
  pages = {179--191},
  number = {2},
  publisher = {Wiley Online Library}, 
  DOI = {10.1002/dev.21179}
}

@article{Vanpaemel2015,
  author = {W. Vanpaemel and M. Vermorgen and L. Deriemaecker and G. Storms},
  title = {Are we wasting a good crisis? {T}he availability of psychological research
	data after the storm},
  journal = {Collabra},
  year = {2015},
  volume = {1},
  number = {1}, 
  DOI = {10.1525/collabra.13}
}

@article{metafor,
  author = {Wolfgang Viechtbauer},
  title = {Conducting meta-analyses in {R} with the {metafor} package},
  journal = {Journal of Statistical Software},
  year = {2010},
  volume = {36},
  pages = {1--48},
  number = {3},
  url = {http://www.jstatsoft.org/v36/i03/}
}

@article{pubbias,
  title={Operating characteristics of a rank correlation test for publication bias},
  author={Begg, Colin B and Mazumdar, Madhuchhanda},
  journal={Biometrics},
  pages={1088--1101},
  year={1994},
  publisher={JSTOR}, 
  volume = 50, 
  number = 4, 
  DOI = {10.2307/2533446 }
}

@article{pcurve,
  title={P-curve: {A} key to the file-drawer},
  author={Simonsohn, Uri and Nelson, Leif D and Simmons, Joseph P.},
  journal={Journal of Experimental Psychology: General},
  volume={143},
  number={2},
  pages={534--547},
  year={2014},
  publisher={American Psychological Association}, 
  DOI = {10.1037/a0033242}
}

@article{statcheck,
  title={The prevalence of statistical reporting errors in psychology (1985--2013)},
  author={Nuijten, Mich{\`e}le B and Hartgerink, Chris HJ and van Assen, Marcel ALM and Epskamp, Sacha and Wicherts, Jelte M},
  journal={Behavior Research Methods},
  volume={48},
  number={4},
  pages={1205--1226},
  year={2016},
  publisher={Springer}, 
  DOI = {10.3758/s13428-015-0664-2}
}


@article{ebersole2015many,
	Author = {Charles R. Ebersole and Olivia E. Atherton and Aimee L. Belanger and Hayley M. Skulborstad and Jill M. Allen and Jonathan B. Banks and Erica Baranski and Michael J. Bernstein and Diane B.V. Bonfiglio and Leanne Boucher and Elizabeth R. Brown and Nancy I. Budiman and Athena H. Cairo and Colin A. Capaldi and Christopher R. Chartier and Joanne M. Chung and David C. Cicero and Jennifer A. Coleman and John G. Conway and William E. Davis and Thierry Devos and Melody M. Fletcher and Komi German and Jon E. Grahe and Anthony D. Hermann and Joshua A. Hicks and Nathan Honeycutt and Brandon Humphrey and Matthew Janus and David J. Johnson and Jennifer A. Joy-Gaba and Hannah Juzeler and Ashley Keres and Diana Kinney and Jacqeline Kirshenbaum and Richard A. Klein and Richard E. Lucas and Christopher J.N. Lustgraaf and Daniel Martin and Madhavi Menon and Mitchell Metzger and Jaclyn M. Moloney and Patrick J. Morse and Radmila Prislin and Timothy Razza and Daniel E. Re and Nicholas O. Rule and Donald F. Sacco and Kyle Sauerberger and Emily Shrider and Megan Shultz and Courtney Siemsen and Karin Sobocko and R. Weylin Sternglanz and Amy Summerville and Konstantin O. Tskhay and Zack van Allen and Leigh Ann Vaughn and Ryan J. Walker and Ashley Weinberg and John Paul Wilson and James H. Wirth and Jessica Wortman and Brian A. Nosek},
	Journal = {Journal of Experimental Social Psychology},
	Pages = {68--82},
	Title = {Many {L}abs 3: {E}valuating participant pool quality across the academic semester via replication},
	Volume = {67},
	Year = {2016}, 
	DOI = {10.1016/j.jesp.2015.10.012}
}

@article{glass1976primary,
	Author = {Glass, Gene V},
	Journal = {Educational Researcher},
	Number = {10},
	Pages = {3--8},
	Publisher = {JSTOR},
	Title = {Primary, secondary, and meta-analysis of research},
	Volume = {5},
	Year = {1976}
}
	
	
@article{scargle1999publication,
	Author = {Scargle, Jeffrey D},
	Journal = {Journal of Scientific Exploration},
	Number = {1},
	Pages = {91--106},
	Title = {Publication Bias: {T}he ``File-Drawer Problem'' in Scientific Inference},
	Volume = {14},
	Year = {2000}
}
	
@article{Manylabs2,
  title={Investigating variation in replicability: {A} ``ManyLabs'' replication project},
author = {Richard A. Klein and Kate A. Ratliff and Michelangelo Vianello and  Reginald B. Adams Jr.  and Štěpán Bahník and Michael J. Bernstein and Konrad Bocian and Mark J. Brandt and Beach Brooks and Claudia Chloe Brumbaugh and Zeynep Cemalcilar and Jesse Chandler and Winnee Cheong and William E. Davis and Thierry Devos and Matthew Eisner and Natalia Frankowska and David Furrow and Elisa Maria Galliani and Fred Hasselman and Joshua A. Hicks and James F. Hovermale and S. Jane Hunt and Jeffrey R. Huntsinger and Hans IJzerman and Melissa-Sue John and Jennifer A. Joy-Gaba and Heather Barry Kappes and Lacy E. Krueger and Jaime Kurtz and Carmel A. Levitan and Robyn K. Mallett and Wendy L. Morris and Anthony J. Nelson and Jason A. Nier and Grant Packard and Ronaldo Pilati and Abraham M. Rutchick and Kathleen Schmidt and Jeanine L. Skorinko and Robert Smith and Troy G. Steiner and Justin Storbeck and Lyn M. Van Swol and Donna Thompson and A. E. van ‘t Veer and Leigh Ann Vaughn and Marek Vranka and Aaron L. Wichman and Julie A. Woodzicka and Brian A. Nosek},
  journal={Social Psychology},
  year={2014},
  volume = 45, 
  numer = 3,
  pages = {142--152},
  publisher={Hogrefe Publishing}, 
  doi = {10.1027/1864-9335/a000178}
}

@article{OSC,
  title={Estimating the reproducibility of psychological science},
  author={{Open Science Collaboration}},
  journal={Science},
  volume={349},
  number={6251},
  pages={aac4716},
  year={2015},
  publisher={American Association for the Advancement of Science}, 
	doi = {10.1126/science.aac4716}
}

@inproceedings{InStatDB, 
  title={Quantifying Infants' Statistical Word Segmentation: {A} Meta-Analysis}, 
  author={Alexis Black and Christina Bergmann},
  booktitle={Proceedings of the 39th Annual Conference of the Cognitive Science Society},
  year=2017,
  organization={Cognitive Science Society}, 
  pages = {124--129}
}

@inproceedings{frank2016performance,
  title={A performance model for early word learning},
  author={Frank, Michael C and Lewis, M and MacDonald, Kyle},
  booktitle={Proceedings of the 38th Annual Conference of the Cognitive Science Society},
  year={2016}, 
  editor={Papafragou, A. and Grodner, D. and Mirman, D., and Trueswell, J.C. },
  pages={2610--2614}
}

@article{Manybabies1, 
  title = {Quantifying sources of variability in infancy research using the infant-directed speech preference}, 
  author={{ManyBabies Collaborative}},
  journal={Advances in Methods and Practices in Psychological Science}, 
  year=2017, 
  note={Accepted pending data collection}
}

@book{LipseyWilson,
  title={Practical meta-analysis},
  author={Mark W. Lipsey and Wilson, David B.},
  volume={49},
  year={2001},
  publisher={Sage Publications Thousand Oaks, CA}
}

@book{cohen,
  title={Statistical power analysis for the behavioural sciences},
  author={Cohen, Jacob},
  publisher={NJ: Lawrence Earlbaum Associates},
  year={1988}
}

@article{MetaPhon, 
  author={Alejandrina Cristia},
  title={Can infants learn phonology in the lab?  {A} meta-analytic answer}, 
  journal={Cognition}, 
  year={2017}, 
  note={Preprint retrieved from https://osf.io/jffa5/}}
  
@article{TopDownBottomUp, 
  author={Christina Bergmann and Sho Tsuji and Alejandrina Cristia},
  title={Top-down versus bottom-up theories of phonological acquisition: {A} big data approach}, 
  journal={Proceedings of Interspeech 2017}, 
  year={2017}, 
  DOI = {10.21437/Interspeech.2017-1443}, 
  pages = {2013--2016}
}
  
@article{gelman2006difference,
  title={The difference between ``significant'' and ``not significant'' is not itself statistically significant},
  author={Gelman, Andrew and Stern, Hal},
  journal={The American Statistician},
  volume={60},
  number={4},
  pages={328--331},
  year={2006},
  publisher={Taylor \& Francis}
}

@article{cooper1982expected,
  title={{Expected effect sizes: {E}stimates for statistical power analysis in social psychology}},
  author={Cooper, Harris and Findley, Maureen},
  journal={Personality and Social Psychology Bulletin},
  volume={8},
  number={1},
  pages={168--173},
  year={1982},
  publisher={Sage Publications Sage CA: Thousand Oaks, CA}, 
  DOI = {10.1177/014616728281026}
}

@article{yuan2005post,
  title={On the post hoc power in testing mean differences},
  author={Yuan, Ke-Hai and Maxwell, Scott},
  journal={Journal of Educational and Behavioral Statistics},
  volume={30},
  number={2},
  pages={141--167},
  year={2005},
  publisher={Sage Publications Sage CA: Los Angeles, CA}, 
  DOI = {10.3102/10769986030002141}
}

@article{eason2017survey,
author = {Eason, Arianne E. and Hamlin, J. Kiley and Sommerville, Jessica A.},
title = {A Survey of Common Practices in Infancy Research: Description of Policies, Consistency Across and Within Labs, and Suggestions for Improvements},
journal = {Infancy},
volume = {22},
number = {4},
doi = {10.1111/infa.12183},
pages = {470--491},
year = {2017}
}



@article{oakes2017power,
author = {Oakes, Lisa M.},
title = {Sample Size, Statistical Power, and False Conclusions in Infant Looking-Time Research},
journal = {Infancy},
volume = {22},
number = {4},
doi = {10.1111/infa.12186},
pages = {436--469},
year = {2017}
}



@article{morris2002combining,
  title={Combining effect size estimates in meta-analysis with repeated measures and independent-groups designs},
  author={Morris, Scott B and DeShon, Richard P},
  journal={Psychological Methods},
  volume={7},
  number={1},
  pages={105--125},
  year={2002},
  publisher={American Psychological Association}, 
  DOI = {10.1037/1082-989X.7.1.105}
}

@book{Lipsey,
  title={Practical meta-analysis},
  author={Mark W Lipsey and David B Wilson},
  volume={49},
  year={2001},
  publisher={Sage publications Thousand Oaks, CA}
}

@article{dunlap1996meta,
  title={Meta-analysis of experiments with matched groups or repeated measures designs},
  author={Dunlap, William P and Cortina, Jose M and Vaslow, Joel B and Burke, Michael J},
  year={1996},
  journal = {Psychological Methods},
  volume=1,
  number = 2, 
  pages={170--177},
  publisher={American Psychological Association}, 
  DOI = {10.1037/1082-989X.1.2.170}
}

@book{howell2012statistical,
  title={Statistical methods for psychology},
  author={Howell, David C},
  year={2012}
}

@article{lakens2013,
  title={{Calculating and reporting effect sizes to facilitate cumulative science: A practical primer for t-tests and ANOVAs}},
  author={Lakens, Dani{\"e}l},
  journal={Frontiers in Psychology},
  volume={4},
  pages={863},
  year={2013},
  publisher={Frontiers}, 
  DOI = {10.3389/fpsyg.2013.00863}
}

@article{yarkoni2009,
  title={{Big correlations in little studies: Inflated fMRI correlations reflect low statistical power---Commentary on Vul et al.(2009)}},
  author={Yarkoni, Tal},
  journal={Perspectives on Psychological Science},
  volume={4},
  number={3},
  pages={294--298},
  year={2009},
  publisher={SAGE Publications}, 
  DOI = {10.1111/j.1745-6924.2009.01127.x}
}

@article{vadillo2016underpowered,
  title={Underpowered samples, false negatives, and unconscious learning},
  author={Vadillo, Miguel A and Konstantinidis, Emmanouil and Shanks, David R},
  journal={Psychonomic Bulletin \& Review},
  volume={23},
  number={1},
  pages={87--102},
  year={2016},
  publisher={Springer},
  DOI = {10.3758/s13423-015-0892-6}
}

@misc{shanks2015romance,
  title={{Romance, risk, and replication: Can consumer choices and risk-taking be primed by mating motives?}},
  author={Shanks, David R and Vadillo, Miguel A and Riedel, Benjamin and Clymo, Ashley and Govind, Sinita and Hickin, Nisha and Tamman, Amanda JF and Puhlmann, Lara},
  year={2015},
  journal = {Journal of Experimental Psychology: General},
  volume = 144, 
  number = 6,
  pages = {e142--e158},
  publisher={American Psychological Association}, 
  DOI = {10.1037/xge0000116}
}

@article{lakens2014sailing,
  title={Sailing from the seas of chaos into the corridor of stability: {P}ractical recommendations to increase the informational value of studies},
  author={Lakens, Dani{\"e}l and Evers, Ellen RK},
  journal={Perspectives on Psychological Science},
  volume={9},
  number={3},
  pages={278--292},
  year={2014},
  publisher={Sage Publications},
  DOI = {10.1177/1745691614528520}
}

@article{button2013power,
  title={Power failure: {W}hy small sample size undermines the reliability of neuroscience},
  author={Button, Katherine S and Ioannidis, John PA and Mokrysz, Claire and Nosek, Brian A and Flint, Jonathan and Robinson, Emma SJ and Munaf{\`o}, Marcus R},
  journal={Nature Reviews Neuroscience},
  volume={14},
  number={5},
  pages={365--376},
  year={2013},
  publisher={Nature Publishing Group}, 
  DOI = {10.1038/nrn3475}
}

@article{gredeback2009eye,
  title={Eye tracking in infancy research},
  author={Gredeb{\"a}ck, Gustaf and Johnson, Scott and von Hofsten, Claes},
  journal={Developmental Neuropsychology},
  volume={35},
  number={1},
  pages={1--19},
  year={2009},
  publisher={Taylor \& Francis}, 
  DOI = {10.1080/87565640903325758}
}

@article{nieuwenhuis2011erroneous,
  title={Erroneous analyses of interactions in neuroscience: {A} problem of significance},
  author={Nieuwenhuis, Sander and Forstmann, Birte U and Wagenmakers, Eric-Jan},
  journal={Nature Neuroscience},
  volume={14},
  number={9},
  pages={1105--1107},
  year={2011},
  publisher={Nature Research}, 
  DOI = {10.1038/nn.2886}
}

@article{smaldino2016natural,
  title={The natural selection of bad science},
  author={Smaldino, Paul E and McElreath, Richard},
  journal={Royal Society open science},
  volume={3},
  number={9},
  pages={160384},
  year={2016},
  publisher={The Royal Society}, 
  DOI = {10.1098/rsos.160384}
}

@book{lerner2015handbook,
  title={Handbook of Child Psychology and Developmental Science, Cognitive Processes},
  author={Lerner, Richard M and Liben, Lynn S and Mueller, Ulrich},
  volume={2},
  year={2015},
  publisher={John Wiley \& Sons}
}

@article{hunter1988multifactor,
  title={A multifactor model of infant preferences for novel and familiar stimuli},
  author={Hunter, Michael A and Ames, Elinor W},
  journal={Advances in infancy research},
  year={1988},
  volume = 5,
  pages = {69--95}
}