%% This BibTeX bibliography file was created using BibDesk.
%% http://bibdesk.sourceforge.net/


%% Created for Molly Lewis at 2016-05-10 13:15:47 -0700 


%% Saved with string encoding Unicode (UTF-8) 



@article{simonsohn2014p,
	Author = {Simonsohn  and Nelson, Leif D and Simmons, Joseph P},
	Date-Added = {2016-05-10 20:09:08 +0000},
	Date-Modified = {2016-05-10 20:15:38 +0000},
	Journal = {Journal of Experimental Psychology: General},
	Number = {2},
	Pages = {534},
	Publisher = {American Psychological Association},
	Title = {P-curve: A key to the file-drawer.},
	Volume = {143},
	Year = {2014}}

@article{simonsohn2015better,
	Author = {Simonsohn and Simmons, Joseph P and Nelson, Leif D},
	Date-Added = {2016-05-10 20:07:24 +0000},
	Date-Modified = {2016-05-10 20:15:25 +0000},
	Journal = {Simonsohn, Uri, Joseph P. Simmons, and Leif D. Nelson (forthcoming),``Better P-Curves,'' Journal of Experimental Psychology: General},
	Title = {Better p-curves},
	Year = {2015}}

@article{rosenthal1979file,
	Author = {Rosenthal, Robert},
	Date-Added = {2016-05-10 20:05:23 +0000},
	Date-Modified = {2016-05-10 20:05:23 +0000},
	Journal = {Psychological bulletin},
	Number = {3},
	Pages = {638},
	Publisher = {American Psychological Association},
	Title = {The file drawer problem and tolerance for null results.},
	Volume = {86},
	Year = {1979}}

@article{Simmons:2011iw,
	Author = {Simmons and Nelson, L D and Simonsohn, U},
	Date-Added = {2016-05-10 20:02:01 +0000},
	Date-Modified = {2016-05-10 20:15:47 +0000},
	Journal = {Psychological Science},
	Month = nov,
	Number = {11},
	Pages = {1359--1366},
	Title = {{False-Positive Psychology: Undisclosed Flexibility in Data Collection and Analysis Allows Presenting Anything as Significant}},
	Volume = {22},
	Year = {2011}}

@article{Anonymous:buboowN5,
	Date-Added = {2016-05-10 19:14:50 +0000},
	Date-Modified = {2016-05-10 19:14:50 +0000},
	Month = feb,
	Pages = {1--4},
	Title = {{The "File Drawer Problem" and Tolerance for Null Results}},
	Year = {2005}}

@article{Ioannidis:2005bw,
	Author = {Ioannidis, John P A},
	Date-Added = {2016-05-10 19:14:39 +0000},
	Date-Modified = {2016-05-10 19:14:39 +0000},
	Journal = {PLoS Medicine},
	Month = aug,
	Number = {8},
	Pages = {e124--6},
	Title = {{Why Most Published Research Findings Are False}},
	Volume = {2},
	Year = {2005}}

@article{Fanelli:2010kf,
	Author = {Fanelli, Daniele},
	Date-Added = {2016-05-10 19:14:26 +0000},
	Date-Modified = {2016-05-10 19:14:26 +0000},
	Journal = {PLoS ONE},
	Month = apr,
	Number = {4},
	Pages = {e10068--10},
	Title = {{{\textquotedblleft}Positive{\textquotedblright} Results Increase Down the Hierarchy of the Sciences}},
	Volume = {5},
	Year = {2010}}

@article{Anonymous:2013kh,
	Date-Added = {2016-05-10 19:13:41 +0000},
	Date-Modified = {2016-05-10 19:13:41 +0000},
	Journal = {Journal of Experimental Psychology: General},
	Month = jul,
	Pages = {1--14},
	Title = {{Supplemental Material for P-Curve: A Key to the File-Drawer}},
	Year = {2013}}

@article{Cumming:2014gr,
	Author = {Cumming, G},
	Date-Added = {2016-05-10 19:13:30 +0000},
	Date-Modified = {2016-05-10 19:13:30 +0000},
	Journal = {Psychological Science},
	Month = jan,
	Number = {1},
	Pages = {7--29},
	Title = {{The New Statistics: Why and How}},
	Volume = {25},
	Year = {2014}}

@webpage{Gelman:2015wf,
	Annote = {Data-dependent analysis: "garden of forking paths"

data fishing and data dependent analyis as same

p-values shouldn't be taken at face value!},
	Author = {Gelman, Andrew},
	Date-Added = {2016-05-10 19:13:09 +0000},
	Date-Modified = {2016-05-10 19:13:09 +0000},
	Month = aug,
	Title = {{The Statistical Crisis in Science}},
	Url = {http://www.stat.columbia.edu/~gelman/research/published/ForkingPaths.pdf},
	Year = {2015},
	Bdsk-Url-1 = {http://www.stat.columbia.edu/~gelman/research/published/ForkingPaths.pdf}}

@article{OpenScienceCollaboration:2015cn,
	Author = {{Open Science Collaboration}},
	Date-Added = {2016-05-10 19:12:19 +0000},
	Date-Modified = {2016-05-10 19:12:19 +0000},
	Journal = {Science},
	Month = aug,
	Number = {6251},
	Pages = {aac4716--aac4716},
	Title = {{Estimating the reproducibility of psychological science}},
	Volume = {349},
	Year = {2015}}

@article{Anonymous:4r4BCchG,
	Author = {simonsohn_2014b},
	Date-Added = {2016-05-10 19:12:12 +0000},
	Date-Modified = {2016-05-10 19:15:52 +0000},
	Month = aug,
	Pages = {1--23},
	Title = {Better P-curves},
	Year = {2015}}

@article{Peterson:2016,
	Author = {Peterson, D},
	Date-Added = {2016-05-10 19:11:32 +0000},
	Date-Modified = {2016-05-10 19:20:11 +0000},
	Journal = {Socius: Sociological Research for a Dynamic World},
	Month = jan,
	Number = {0},
	Pages = {1--10},
	Title = {{The Baby Factory: Difficult Research Objects, Disciplinary Standards, and the Production of Statistical Significance}},
	Volume = {2},
	Year = {2016}}

@article{Simonsohn:2014ch,
	Author = {Simonsohn and Nelson, L D and Simmons, J P},
	Date-Added = {2016-05-10 19:09:34 +0000},
	Date-Modified = {2016-05-10 20:15:30 +0000},
	Journal = {Perspectives on Psychological Science},
	Month = nov,
	Number = {6},
	Pages = {666--681},
	Title = {{p-Curve and Effect Size: Correcting for Publication Bias Using Only Significant Results}},
	Volume = {9},
	Year = {2014}}

@manual{R-base,
	Address = {Vienna, Austria},
	Author = {{R Core Team}},
	Organization = {R Foundation for Statistical Computing},
	Title = {R: A Language and Environment for Statistical Computing},
	Url = {http://www.R-project.org/},
	Year = {2015},
	Bdsk-Url-1 = {http://www.R-project.org/}}

@manual{R-papaja,
	Author = {Frederik Aust and Marius Barth},
	Note = {R package version 0.1.0.9054},
	Title = {papaja: Create APA manuscripts with RMarkdown},
	Url = {https://github.com/crsh/papaja},
	Year = {2015},
	Bdsk-Url-1 = {https://github.com/crsh/papaja}}
