@Article{bauer_2014,
   author = {{Baumer}, B. and {Cetinkaya-Rundel}, M. and {Bray}, A. and {Loi}, L. and
	{Horton}, N.~J.},
    title = "{R Markdown: Integrating A Reproducible Analysis Tool into Introductory Statistics}",
  journal = {ArXiv e-prints},
archivePrefix = "arXiv",
   eprint = {1402.1894},
 primaryClass = "stat.OT",
 keywords = {Statistics - Other Statistics, 62-01},
     year = 2014,
    month = feb,
   url = {http://adsabs.harvard.edu/abs/2014arXiv1402.1894B},
  adsnote = {Provided by the SAO/NASA Astrophysics Data System}
}

@article {bem_2011,
  Title = {Feeling the future: experimental evidence for anomalous retroactive influences on cognition and affect},
  Author = {Bem, Daryl J},
  DOI = {10.1037/a0021524},
  Number = {3},
  Volume = {100},
  Month = {March},
  Year = {2011},
  Journal = {Journal of personality and social psychology},
  ISSN = {0022-3514},
  Pages = {407â€”425},
  URL = {http://dx.doi.org/10.1037/a0021524},
}
